@inproceedings{hasan2020investigation,
    author={Md. Rakibul {Hasan} and Md. Mahbub {Hasan}},
    booktitle={2020 IEEE Region 10 Symposium (TENSYMP)},
    title={Investigation of the Effect of MFCC Variation on the Convolutional Neural Network-based Speech Classification},
    year={2020},
    pages={1408-1411},
    month={6},
    organization={IEEE},
    doi={10.1109/TENSYMP50017.2020.9230697}
}

@article{bird2020optimisation,
    title = {Optimisation of phonetic aware speech recognition through multi-objective evolutionary algorithms},
    journal = {Expert Systems with Applications},
    volume = {153},
    pages = {113402},
    year = {2020},
    issn = {0957-4174},
    doi = {10.1016/j.eswa.2020.113402},
    author = {Jordan J. Bird and Elizabeth Wanner and Anikó Ekárt and Diego R. Faria}
}

@article{yaganoglu2021real,
    title = {Real time wearable speech recognition system for deaf persons},
    journal = {Computers \& Electrical Engineering},
    volume = {91},
    pages = {107026},
    year = {2021},
    issn = {0045-7906},
    doi = {10.1016/j.compeleceng.2021.107026},
    author = {Mete Yağanoğlu}
}

@article{hasan2021how,
    author = {Lastname, Firsname and Lastname, Firsname},
    title = {The first publication from your thesis},
    journal = {Journal title},
    volume = {},
    number = {},
    pages = {1--11},
    month = 10,
    year = {2021},
    doi = {10.10/test},
    entrysubtype={this thesis}
}

@article{hasan2021effect,
    author = {Lastname, Firsname and Lastname, Firsname},
    title={The second publication from your thesis},
    journal = {Journal title},
    month= 9,
    year={2021},
    note={Under Review},
    entrysubtype={this thesis}
}

@inproceedings{hasan2021tuning,
    author = {Lastname, Firsname and Lastname, Firsname},
    title={The third publication from your thesis},
    booktitle = {Conference title},
    month= 10,
    year={2021},
    note={Under Review},
    entrysubtype={this thesis}
}


@article{articledense,
author = {Alafandy, Khalid and Omara, Hicham and LAZAAR, Mohamed and Al Achhab, Mohammed},
year = {2020},
month = {10},
pages = {652-659},
title = {Investment of Classic Deep CNNs and SVM for Classifying Remote Sensing Images},
volume = {05},
journal = {Advances in Science Technology and Engineering Systems Journal},
doi = {10.25046/aj050580}
}

@article{c1,
author = {Alhashim, Ibraheem and Wonka, Peter},
year = {2018},
month = {12},
pages = {},
title = {High Quality Monocular Depth Estimation via Transfer Learning}
}
@inproceedings{c2,
author = {Laina, Iro and Rupprecht, Christian and Belagiannis, Vasileios and Tombari, Federico and Navab, Nassir},
year = {2016},
month = {10},
pages = {},
title = {Deeper Depth Prediction with Fully Convolutional Residual Networks},
doi = {10.1109/3DV.2016.32}
}
@article{c3,
author = {Ranftl, Rene and Lasinger, Katrin and Hafner, David and Koltun, Vladlen},
year = {2020},
month = {08},
pages = {1-1},
title = {Towards Robust Monocular Depth Estimation: Mixing Datasets for Zero-Shot Cross-Dataset Transfer},
volume = {PP},
journal = {IEEE Transactions on Pattern Analysis and Machine Intelligence},
doi = {10.1109/TPAMI.2020.3019967}
}
@article{c4,
author = {Eigen, David and Puhrsch, Christian and Fergus, Rob},
year = {2014},
month = {06},
pages = {},
title = {Depth Map Prediction from a Single Image using a Multi-Scale Deep Network},
volume = {3}
}
@inproceedings{c5,
author = {Hosseini Minagoleh, Seyed Mahdi and Dille, Sebastian and Mai, Long and Paris, Sylvain and Aksoy, Yağız},
year = {2021},
month = {06},
pages = {9680-9689},
title = {Boosting Monocular Depth Estimation Models to High-Resolution via Content-Adaptive Multi-Resolution Merging},
doi = {10.1109/CVPR46437.2021.00956}
}
@article{c6,
author = {Kwak, Dong-hoon and Lee, Seung-ho},
year = {2020},
month = {04},
pages = {2567},
title = {A Novel Method for Estimating Monocular Depth Using Cycle GAN and Segmentation},
volume = {20},
journal = {Sensors},
doi = {10.3390/s20092567}
}

@article{unetwotk,
author = {Basu, Anindya and Buch, Vineet and Vogels, Werner and von Eicken, Thorsten},
year = {1996},
month = {10},
pages = {},
title = {U-Net: A User-Level Network Interface for Parallel and Distributed Computing},
doi = {10.1145/224056.224061}
}
@article{resnetwork,
author = {Targ, Sasha and Almeida, Diogo and Lyman, Kevin},
year = {2016},
month = {03},
pages = {},
title = {Resnet in Resnet: Generalizing Residual Architectures}
}
@inproceedings{alexnetwork,
author = {Prilianti, Kestrilia and Brotosudarmo, Tatas and Anam, Syaiful and Suryanto, Agus},
year = {2019},
month = {03},
pages = {},
title = {Performance comparison of the convolutional neural network optimizer for photosynthetic pigments prediction on plant digital image},
volume = {2084},
journal = {AIP Conference Proceedings},
doi = {10.1063/1.5094284}
}
@article{kitti,
author = {Zhang, Hui and Chen, Xieyuanli and Lu, Huimin and Xiao, Junhao},
year = {2018},
month = {05},
pages = {172988141878017},
title = {Distributed and collaborative monocular simultaneous localization and mapping for multi-robot systems in large-scale environments},
volume = {15},
journal = {International Journal of Advanced Robotic Systems},
doi = {10.1177/1729881418780178}
}
@unknown{diode,
author = {Patwari, Rajeev and Ly, Varo},
year = {2022},
month = {06},
pages = {},
title = {Analysis & Computational Complexity Reduction of Monocular and Stereo Depth Estimation Techniques},
doi = {10.48550/arXiv.2206.09071}
}

@misc{simonyan2015deep,
      title={Very Deep Convolutional Networks for Large-Scale Image Recognition}, 
      author={Karen Simonyan and Andrew Zisserman},
      year={2015},
      eprint={1409.1556},
      archivePrefix={arXiv},
      primaryClass={cs.CV}
}

@misc{szegedy2016inceptionv4,
      title={Inception-v4, Inception-ResNet and the Impact of Residual Connections on Learning}, 
      author={Christian Szegedy and Sergey Ioffe and Vincent Vanhoucke and Alex Alemi},
      year={2016},
      eprint={1602.07261},
      archivePrefix={arXiv},
      primaryClass={cs.CV}
}

@misc{huang2018densely,
      title={Densely Connected Convolutional Networks}, 
      author={Gao Huang and Zhuang Liu and Laurens van der Maaten and Kilian Q. Weinberger},
      year={2018},
      eprint={1608.06993},
      archivePrefix={arXiv},
      primaryClass={cs.CV}
}

@misc{laina2016deeper,
      title={Deeper Depth Prediction with Fully Convolutional Residual Networks}, 
      author={Iro Laina and Christian Rupprecht and Vasileios Belagiannis and Federico Tombari and Nassir Navab},
      year={2016},
      eprint={1606.00373},
      archivePrefix={arXiv},
      primaryClass={cs.CV}
}

@article{article_sf,
author = {Huang, Kang and Qu, Xingtian and Chen, Shouqian and Chen, Zhen and Zhang, Wang and Qi, Haogang and Zhao, Fengshang},
year = {2020},
month = {08},
pages = {4856},
title = {Superb Monocular Depth Estimation Based on Transfer Learning and Surface Normal Guidance},
volume = {20},
journal = {Sensors},
doi = {10.3390/s20174856}
}